@article{RTE,
  title={Reset-free trial-and-error learning for robot damage recovery},
  author={Chatzilygeroudis, Konstantinos and Vassiliades, Vassilis and Mouret, Jean-Baptiste},
  journal={Robotics and Autonomous Systems},
  volume={100},
  pages={236--250},
  year={2018},
  publisher={Elsevier}
}

@article{alphaGo,
  title={Mastering the game of Go with deep neural networks and tree search},
  author={Silver, David and Huang, Aja and Maddison, Chris J and Guez, Arthur and Sifre, Laurent and Van Den Driessche, George and Schrittwieser, Julian and Antonoglou, Ioannis and Panneershelvam, Veda and Lanctot, Marc and others},
  journal={nature},
  volume={529},
  number={7587},
  pages={484--489},
  year={2016},
  publisher={Nature Publishing Group}
}

@article{alphaStar,
  title={Grandmaster level in StarCraft II using multi-agent reinforcement learning},
  author={Vinyals, Oriol and Babuschkin, Igor and Czarnecki, Wojciech M and Mathieu, Micha{\"e}l and Dudzik, Andrew and Chung, Junyoung and Choi, David H and Powell, Richard and Ewalds, Timo and Georgiev, Petko and others},
  journal={Nature},
  volume={575},
  number={7782},
  pages={350--354},
  year={2019},
  publisher={Nature Publishing Group UK London}
}

@article{openAI5,
  title={Dota 2 with large scale deep reinforcement learning},
  author={Berner, Christopher and Brockman, Greg and Chan, Brooke and Cheung, Vicki and D{\k{e}}biak, Przemys{\l}aw and Dennison, Christy and Farhi, David and Fischer, Quirin and Hashme, Shariq and Hesse, Chris and others},
  journal={arXiv preprint arXiv:1912.06680},
  year={2019}
}

@inproceedings{MBRL,
  title={PILCO: A model-based and data-efficient approach to policy search},
  author={Deisenroth, Marc and Rasmussen, Carl E},
  booktitle={Proceedings of the 28th International Conference on machine learning (ICML-11)},
  pages={465--472},
  year={2011}
}

@inproceedings{black_box_search,
  title={Black-box data-efficient policy search for robotics},
  author={Chatzilygeroudis, Konstantinos and Rama, Roberto and Kaushik, Rituraj and Goepp, Dorian and Vassiliades, Vassilis and Mouret, Jean-Baptiste},
  booktitle={2017 IEEE/RSJ International Conference on Intelligent Robots and Systems (IROS)},
  pages={51--58},
  year={2017},
  organization={IEEE}
}

@inproceedings{policy_search,
  title={Multi-objective model-based policy search for data-efficient learning with sparse rewards},
  author={Kaushik, Rituraj and Chatzilygeroudis, Konstantinos and Mouret, Jean-Baptiste},
  booktitle={Conference on Robot Learning},
  pages={839--855},
  year={2018},
  organization={PMLR}
}

@misc{curse_of_dim,
  title={Curse of Dimensionality. Encyclopedia of Machine Learning. C. Sammut and GI Webb, eds},
  author={Keogh, E and Mueen, A},
  year={2010},
  publisher={Springer US}
}

@article{QD,
  title={Quality and diversity optimization: A unifying modular framework},
  author={Cully, Antoine and Demiris, Yiannis},
  journal={IEEE Transactions on Evolutionary Computation},
  volume={22},
  number={2},
  pages={245--259},
  year={2017},
  publisher={IEEE}
}

@article{EvoRBC,
  title={Evolution of repertoire-based control for robots with complex locomotor systems},
  author={Duarte, Miguel and Gomes, Jorge and Oliveira, Sancho Moura and Christensen, Anders Lyhne},
  journal={IEEE Transactions on Evolutionary Computation},
  volume={22},
  number={2},
  pages={314--328},
  year={2017},
  publisher={IEEE}
}

@book{GP,
  title={Gaussian processes for machine learning},
  author={Williams, Christopher KI and Rasmussen, Carl Edward},
  volume={2},
  number={3},
  year={2006},
  publisher={MIT press Cambridge, MA}
}

@inproceedings{k-means,
  title={Some methods for classification and analysis of multivariate observations},
  author={MacQueen, James and others},
  booktitle={Proceedings of the fifth Berkeley symposium on mathematical statistics and probability},
  volume={1},
  number={14},
  pages={281--297},
  year={1967},
  organization={Oakland, CA, USA}
}

@article{knn,
  title={Nearest neighbor pattern classification},
  author={Cover, Thomas and Hart, Peter},
  journal={IEEE transactions on information theory},
  volume={13},
  number={1},
  pages={21--27},
  year={1967},
  publisher={IEEE}
}

@article{Map-Elites,
  title={Illuminating search spaces by mapping elites},
  author={Mouret, Jean-Baptiste and Clune, Jeff},
  journal={arXiv preprint arXiv:1504.04909},
  year={2015}
}

@article{Q-Dax,
  title={Accelerated Quality-Diversity through Massive Parallelism},
  author={Lim, Bryan and Allard, Maxime and Grillotti, Luca and Cully, Antoine},
  journal={arXiv preprint arXiv:2202.01258},
  year={2022}
}

@inproceedings{evorbc_conf,
  title={EvoRBC: Evolutionary repertoire-based control for robots with arbitrary locomotion complexity},
  author={Duarte, Miguel and Gomes, Jorge and Oliveira, Sancho Moura and Christensen, Anders Lyhne},
  booktitle={Proceedings of the Genetic and Evolutionary Computation Conference 2016},
  pages={93--100},
  year={2016}
}

@book{Matern,
  title={The design and analysis of computer experiments},
  author={Santner, Thomas J and Williams, Brian J and Notz, William I and Williams, Brain J},
  volume={1},
  year={2003},
  publisher={Springer}
}

@article{GP_posterior,
  title={Multivariate statistics: A vector space approach},
  author={Page Jr, Thomas J},
  journal={JMR, Journal of Marketing Research (pre-1986)},
  volume={21},
  number={000002},
  pages={236},
  year={1984},
  publisher={SAGE PUBLICATIONS, INC.}
}

@inproceedings{MCTS,
  title={Monte-carlo tree search: A new framework for game ai},
  author={Chaslot, Guillaume and Bakkes, Sander and Szita, Istvan and Spronck, Pieter},
  booktitle={Proceedings of the AAAI Conference on Artificial Intelligence and Interactive Digital Entertainment},
  volume={4},
  number={1},
  pages={216--217},
  year={2008}
}

@article{APROL,
  title={Adaptive prior selection for repertoire-based online learning in robotics},
  author={Kaushik, Rituraj and Desreumaux, Pierre and Mouret, Jean-Baptiste},
  journal={arXiv preprint arXiv:1907.07029},
  year={2019}
}

@article{DP,
  title={A Bayesian analysis of some nonparametric problems},
  author={Ferguson, Thomas S},
  journal={The annals of statistics},
  pages={209--230},
  year={1973},
  publisher={JSTOR}
}

@article{variational_method,
  title={Variational inference for Dirichlet process mixtures},
  author={Blei, David M and Jordan, Michael I},
  year={2006}
}

@article{Gibbs_sampling,
  title={Markov chain sampling methods for Dirichlet process mixture models},
  author={Neal, Radford M},
  journal={Journal of computational and graphical statistics},
  volume={9},
  number={2},
  pages={249--265},
  year={2000},
  publisher={Taylor \& Francis}
}

@article{Gibbs,
  title={Stochastic relaxation, Gibbs distributions, and the Bayesian restoration of images},
  author={Geman, Stuart and Geman, Donald},
  journal={IEEE Transactions on pattern analysis and machine intelligence},
  number={6},
  pages={721--741},
  year={1984},
  publisher={IEEE}
}

@book{MCMC,
  title={Markov chains and stochastic stability},
  author={Meyn, Sean P and Tweedie, Richard L},
  year={2012},
  publisher={Springer Science \& Business Media}
}

@article{infinite_GMM,
  title={The infinite Gaussian mixture model},
  author={Rasmussen, Carl},
  journal={Advances in neural information processing systems},
  volume={12},
  year={1999}
}

@article{EM,
  title={Maximum likelihood from incomplete data via the EM algorithm},
  author={Dempster, Arthur P and Laird, Nan M and Rubin, Donald B},
  journal={Journal of the royal statistical society: series B (methodological)},
  volume={39},
  number={1},
  pages={1--22},
  year={1977},
  publisher={Wiley Online Library}
}

@article{Bayesian_mixture,
  title={On Bayesian analysis of mixtures with an unknown number of components (with discussion)},
  author={Richardson, Sylvia and Green, Peter J},
  journal={Journal of the Royal Statistical Society Series B: Statistical Methodology},
  volume={59},
  number={4},
  pages={731--792},
  year={1997},
  publisher={Oxford University Press}
}

@article{infinite_MGP,
  title={Infinite mixtures of Gaussian process experts},
  author={Rasmussen, Carl and Ghahramani, Zoubin},
  journal={Advances in neural information processing systems},
  volume={14},
  year={2001}
}

@article{variational_MGP,
  title={Variational inference for infinite mixtures of Gaussian processes with applications to traffic flow prediction},
  author={Sun, Shiliang and Xu, Xin},
  journal={IEEE Transactions on Intelligent Transportation Systems},
  volume={12},
  number={2},
  pages={466--475},
  year={2010},
  publisher={IEEE}
}

@article{Kasa_method,
  title={A circle fitting procedure and its error analysis},
  author={K{\aa}sa, I},
  journal={IEEE Transactions on instrumentation and measurement},
  number={1},
  pages={8--14},
  year={1976},
  publisher={IEEE}
}

@article{circle_fitting,
  title={Classical geometrical approach to circle fittingâ€”review and new developments},
  author={Rusu, Corneliu and Tico, Marius and Kuosmanen, Pauli and Delp, Edward J},
  journal={Journal of Electronic Imaging},
  volume={12},
  number={1},
  pages={179--193},
  year={2003},
  publisher={Society of Photo-Optical Instrumentation Engineers}
}


@article{L-BFGS-B,
  title={Algorithm 778: L-BFGS-B: Fortran subroutines for large-scale bound-constrained optimization},
  author={Zhu, Ciyou and Byrd, Richard H and Lu, Peihuang and Nocedal, Jorge},
  journal={ACM Transactions on mathematical software (TOMS)},
  volume={23},
  number={4},
  pages={550--560},
  year={1997},
  publisher={ACM New York, NY, USA}
}

@book{error_analysis,
  title={An introduction to error analysis: the study of uncertainties in physical measurements},
  author={Taylor, John Robert and Thompson, William},
  volume={2},
  year={1982},
  publisher={Springer}
}

@article{PCA,
  title={LIII. On lines and planes of closest fit to systems of points in space},
  author={Pearson, Karl},
  journal={The London, Edinburgh, and Dublin philosophical magazine and journal of science},
  volume={2},
  number={11},
  pages={559--572},
  year={1901},
  publisher={Taylor \& Francis}
}




